@article{kurniawan2015implementasi,
  title={Implementasi Rest Web Service Untuk Sales Order dan Sales Tracking Berbasis Mobile},
  author={Kurniawan, Erick},
  journal={Jurnal Eksplorasi Karya Sistem Informasi dan Sains},
  volume={7},
  number={1},
  year={2015}
}


@article{hidayat2014penerapan,
  title={Penerapan Teknologi Web Service Untuk Integrasi Layanan Puskesmas dan Rumah Sakit},
  author={Hidayat, Rokhmat and Ashari, Ahmad},
  journal={Berkala Ilmiah MIPA},
  volume={23},
  number={1},
  year={2014}
}
