
@inproceedings{awangga2017colenak,
  title={Colenak: GPS tracking model for post-stroke rehabilitation program using AES-CBC URL encryption and QR-Code},
  author={Awangga, Rolly Maulana and Fathonah, Nuraini Siti and Hasanudin, Trisna Irmayadi},
  booktitle={Information Technology, Information Systems and Electrical Engineering (ICITISEE), 2017 2nd International conferences on},
  pages={255--260},
  year={2017},
  organization={IEEE}
 }
@article{hadibin2010sistem,
	  title={Sistem informasi perawatan dan inventaris laboratorium pada SMK Negeri 1 Rembang berbasis web},
	    author={Hadibin, Mochamad Mizwar},
	      journal={Speed-Sentra Penelitian Engineering dan Edukasi},
	        volume={3},
		  number={4},
		    year={2010}
}
@article{hartono2010electronic,
	  title={Electronic Government Pemberdayaan Pemerintahan dan Potensi Desa Berbasis Web},
	    author={Hartono, Dwiarso Utomo and Mulyanto, Edy},
	      journal={Jurnal Teknologi Informasi},
	        volume={6},
		  number={1},
		    pages={9--21},
		      year={2010}
}

@book{solichin2016pemrograman,
  title={Pemrograman web dengan PHP dan MySQL},
  author={Solichin, Achmad},
  year={2016},
  publisher={Penerbit Budi Luhur}
}

@article{sovia2017membangun,
  title={Membangun Aplikasi E-Library Menggunakan Html, Php Script, Dan Mysql Database},
  author={Sovia, Rini and Febio, Jimmy},
  journal={PROCESSOR},
  volume={6},
  number={2},
  year={2017}
}

@article{harmoni2011media,
  title={Media richness theory dan potensi website sebagai media komunikasi csr oleh perusahaan},
  author={Harmoni, Ati},
  journal={Jurnal Ilmiah Ilmu Komputer Program Studi Sistem Informasi},
  year={2011},
  publisher={Universitas Gunadarma}
}

@article{utomo2013web,
  title={Web Scraping pada Situs Wikipedia menggunakan Metode Ekspresi Regular},
  author={Utomo, Mardi Siswo},
  journal={Dinamik-Jurnal Teknologi Informasi},
  volume={18},
  number={2},
  year={2013}
}

@article{josi2014penerapan,
  title={Penerapan teknik web scraping pada mesin pencari artikel ilmiah},
  author={Josi, Ahmad and Abdillah, Leon Andretti and others},
  journal={arXiv preprint arXiv:1410.5777},
  year={2014}
}

@article{rizaldi2017perbandingan,
  title={Perbandingan Metode Web Scraping Menggunakan CSS Selector dan Xpath Selector},
  author={Rizaldi, Taufiq and Putranto, Hermawan Arief},
  journal={Teknika},
  volume={6},
  number={1},
  pages={43--46},
  year={2017}
}

@book{krisianto2014panduan,
  title={Panduan cPanel Web Hosting},
  author={Krisianto, Andy and others},
  year={2014},
  publisher={Elex Media Komputindo}
}

@book{sutisna77,
  title={7 Langkah Mudah Menjadi WEB Master (plus CD)},
  author={Sutisna, Dadan},
  year={7},
  publisher={MediaKita}
}

@article{aditya2011perbandingan,
  title={Perbandingan Paid Hosting dan Free Hosting Berdasarkan Fasilitas Backup Yang Ada},
  author={Aditya, Firdaus and Handoyo, Eko},
  journal={Teknologi},
  volume={4},
  year={2011}
}

@book{darma2009buku,
  title={Buku pintar menguasai internet},
  author={Darma, Jarot S and Shenia, Ananda},
  year={2009},
  publisher={MediaKita}
}

@article{yuliana2004penggunaan,
  title={Penggunaan Teknologi Internet dalam Bisnis},
  author={Yuliana, Oviliani},
  journal={Jurnal Akuntansi dan Keuangan},
  volume={2},
  number={1},
  pages={pp--36},
  year={2004}
}

@article{junaidi2015internet,
  title={INTERNET OF THINGS, SEJARAH, TEKNOLOGI DAN PENERAPANNYA},
  author={Junaidi, Apri},
  journal={Jurnal Ilmiah Teknologi Informasi Terapan},
  volume={1},
  number={3},
  year={2015}
}

@inproceedings{norton2001internet,
  title={Internet service providers and peering},
  author={Norton, William B},
  booktitle={Proceedings of NANOG},
  volume={19},
  pages={1--17},
  year={2001}
}

@phdthesis{surya2009pola,
  title={POLA KONSUMSI DAN PENGARUH INTERNET SEBAGAI MEDIA KOMUNIKASI INTERAKTIF PADA REMAJA (STUDI ANALISIS PRESEPSI PADA REMAJA DI KOTAMADYA SURABAYA)},
  author={Surya, Yuyun WI},
  year={2009},
  school={UNIVERSITAS AIRLANGGA}
}

@article{rahardjo2002keamanan,
  title={Keamanan sistem informasi berbasis internet},
  author={Rahardjo, Budi},
  journal={PT Insan Infonesia--Bandung \& PT INDOCISC--Jakarta},
  year={2002}
}

@article{pikkarainen2004consumer,
  title={Consumer acceptance of online banking: an extension of the technology acceptance model},
  author={Pikkarainen, Tero and Pikkarainen, Kari and Karjaluoto, Heikki and Pahnila, Seppo},
  journal={Internet research},
  volume={14},
  number={3},
  pages={224--235},
  year={2004},
  publisher={Emerald Group Publishing Limited}
}

@article{gafar2017penggunaan,
  title={Penggunaan Internet Sebagai Media Baru dalam Pembelajaran},
  author={Gafar, Abdoel},
  journal={Jurnal Ilmiah Universitas Batanghari Jambi},
  volume={8},
  number={2},
  pages={36--43},
  year={2017}
}

  @article{lim2014informational,
  title={Informational terrains of identity and political power: the Internet in Indonesia},
  author={Lim, Merlyna},
  journal={Antropologi Indonesia},
  year={2014}
}


@article{effendi2009peranan,
  title={Peranan Internet sebagai Media Komunikasi},
  author={Effendi, Mukhtar},
  journal={KOMUNIKA: Jurnal Dakwah dan Komunikasi},
  volume={3},
  number={2},
  pages={130--142},
  year={2009}
}

@article{yar2005novelty,
  title={The Novelty of ‘Cybercrime’ An Assessment in Light of Routine Activity Theory},
  author={Yar, Majid},
  journal={European Journal of Criminology},
  volume={2},
  number={4},
  pages={407--427},
  year={2005},
  publisher={Sage Publications Sage CA: Thousand Oaks, CA}
}
